@article{luhn1957statistical,
  title={A statistical approach to mechanized encoding and searching of literary information},
  author={Luhn, Hans Peter},
  journal={IBM Journal of research and development},
  volume={1},
  number={4},
  pages={309--317},
  year={1957},
  publisher={IBM}
}
@book{joachims2002learning,
  title={Learning to classify text using support vector machines: Methods, theory and algorithms},
  author={Joachims, Thorsten},
  year={2002},
  publisher={Kluwer Academic Publishers}
}
@article{johnson2014effective,
  title={Effective use of word order for text categorization with convolutional neural networks},
  author={Johnson, Rie and Zhang, Tong},
  journal={arXiv preprint arXiv:1412.1058},
  year={2014}
}
@inproceedings{graves2013speech,
  title={Speech recognition with deep recurrent neural networks},
  author={Graves, Alex and Mohamed, Abdel-rahman and Hinton, Geoffrey},
  booktitle={Acoustics, speech and signal processing (icassp), 2013 ieee international conference on},
  pages={6645--6649},
  year={2013},
  organization={IEEE}
}
@article{hinton2012improving,
  title={Improving neural networks by preventing co-adaptation of feature detectors},
  author={Hinton, Geoffrey E and Srivastava, Nitish and Krizhevsky, Alex and Sutskever, Ilya and Salakhutdinov, Ruslan R},
  journal={arXiv preprint arXiv:1207.0580},
  year={2012}
}
@article{srivastava2014dropout,
  title={Dropout: a simple way to prevent neural networks from overfitting.},
  author={Srivastava, Nitish and Hinton, Geoffrey E and Krizhevsky, Alex and Sutskever, Ilya and Salakhutdinov, Ruslan},
  journal={Journal of Machine Learning Research},
  volume={15},
  number={1},
  pages={1929--1958},
  year={2014}
}
@incollection{bottou2010large,
  title={Large-scale machine learning with stochastic gradient descent},
  author={Bottou, L{\'e}on},
  booktitle={Proceedings of COMPSTAT'2010},
  pages={177--186},
  year={2010},
  publisher={Springer}
}
%CH2
@inproceedings{le2013building,
  title={Building high-level features using large scale unsupervised learning},
  author={Le, Quoc V},
  booktitle={Acoustics, Speech and Signal Processing (ICASSP), 2013 IEEE International Conference on},
  pages={8595--8598},
  year={2013},
  organization={IEEE}
}
@article{lecun1989backpropagation,
  title={Backpropagation applied to handwritten zip code recognition},
  author={LeCun, Yann and Boser, Bernhard and Denker, John S and Henderson, Donnie and Howard, Richard E and Hubbard, Wayne and Jackel, Lawrence D},
  journal={Neural computation},
  volume={1},
  number={4},
  pages={541--551},
  year={1989},
  publisher={MIT Press}
}
@inproceedings{oquab2014learning,
  title={Learning and transferring mid-level image representations using convolutional neural networks},
  author={Oquab, Maxime and Bottou, Leon and Laptev, Ivan and Sivic, Josef},
  booktitle={Proceedings of the IEEE conference on computer vision and pattern recognition},
  pages={1717--1724},
  year={2014}
}
@inproceedings{dosovitskiy2014discriminative,
  title={Discriminative unsupervised feature learning with convolutional neural networks},
  author={Dosovitskiy, Alexey and Springenberg, Jost Tobias and Riedmiller, Martin and Brox, Thomas},
  booktitle={Advances in Neural Information Processing Systems},
  pages={766--774},
  year={2014}
}
@article{siegelmann1995computational,
  title={On the computational power of neural nets},
  author={Siegelmann, Hava T and Sontag, Eduardo D},
  journal={Journal of computer and system sciences},
  volume={50},
  number={1},
  pages={132--150},
  year={1995},
  publisher={Elsevier}
}
@article{hochreiter1997long,
  title={Long short-term memory},
  author={Hochreiter, Sepp and Schmidhuber, J{\"u}rgen},
  journal={Neural computation},
  volume={9},
  number={8},
  pages={1735--1780},
  year={1997},
  publisher={MIT Press}
}
@article{chung2014empirical,
  title={Empirical evaluation of gated recurrent neural networks on sequence modeling},
  author={Chung, Junyoung and Gulcehre, Caglar and Cho, KyungHyun and Bengio, Yoshua},
  journal={arXiv preprint arXiv:1412.3555},
  year={2014}
}
@article{bengio2003neural,
  title={A neural probabilistic language model},
  author={Bengio, Yoshua and Ducharme, R{\'e}jean and Vincent, Pascal and Jauvin, Christian},
  journal={Journal of machine learning research},
  volume={3},
  number={Feb},
  pages={1137--1155},
  year={2003}
}
@article{zhou1988image,
  title={Image restoration using a neural network},
  author={Zhou, Y-T and Chellappa, Rama and Vaid, Aseem and Jenkins, B Keith},
  journal={IEEE Transactions on Acoustics, Speech, and Signal Processing},
  volume={36},
  number={7},
  pages={1141--1151},
  year={1988},
  publisher={IEEE}
}
@article{kim2014convolutional,
  title={Convolutional neural networks for sentence classification},
  author={Kim, Yoon},
  journal={arXiv preprint arXiv:1408.5882},
  year={2014}
}
%CH3
@inproceedings{waibel1988phoneme,
  title={Phoneme recognition: neural networks vs. hidden Markov models vs. hidden Markov models},
  author={Waibel, Alexander and Hanazawa, Toshiyuki and Hinton, Geoffrey and Shikano, Kiyohiro and Lang, K},
  booktitle={Acoustics, Speech, and Signal Processing, 1988. ICASSP-88., 1988 International Conference on},
  pages={107--110},
  year={1988},
  organization={IEEE}
}
@article{DBLP:journals/corr/LinCY13,
  author    = {Min Lin and
               Qiang Chen and
               Shuicheng Yan},
  title     = {Network In Network},
  journal   = {CoRR},
  volume    = {abs/1312.4400},
  year      = {2013},
  timestamp = {Mon, 06 Jan 2014 15:10:41 +0100},
  biburl    = {http://dblp.uni-trier.de/rec/bib/journals/corr/LinCY13},
  bibsource = {dblp computer science bibliography, http://dblp.org}
}
@article{rumelhart1986sequential,
  title={Sequential thought processes in PDP models},
  author={Rumelhart, David E and Smolensky, Paul and McClelland, James L and Hinton, G},
  journal={Parallel distributed processing: explorations in the microstructures of cognition},
  volume={2},
  pages={3--57},
  year={1986}
}
@article{yin2017comparative,
  title={Comparative Study of CNN and RNN for Natural Language Processing},
  author={Yin, Wenpeng and Kann, Katharina and Yu, Mo and Sch{\"u}tze, Hinrich},
  journal={arXiv preprint arXiv:1702.01923},
  year={2017}
}
@article{DBLP:journals/corr/Shlens14,
  author    = {Jonathon Shlens},
  title     = {A Tutorial on Principal Component Analysis},
  journal   = {CoRR},
  volume    = {abs/1404.1100},
  year      = {2014},
  url       = {http://arxiv.org/abs/1404.1100},
  timestamp = {Thu, 01 May 2014 14:56:20 +0200},
  biburl    = {http://dblp.uni-trier.de/rec/bib/journals/corr/Shlens14},
  bibsource = {dblp computer science bibliography, http://dblp.org}
}
@inproceedings{krizhevsky2012imagenet,
  title={Imagenet classification with deep convolutional neural networks},
  author={Krizhevsky, Alex and Sutskever, Ilya and Hinton, Geoffrey E},
  booktitle={Advances in neural information processing systems},
  pages={1097--1105},
  year={2012}
}
@article{chawla2002smote,
  title={SMOTE: synthetic minority over-sampling technique},
  author={Chawla, Nitesh V and Bowyer, Kevin W and Hall, Lawrence O and Kegelmeyer, W Philip},
  journal={Journal of artificial intelligence research},
  volume={16},
  pages={321--357},
  year={2002}
}
@inproceedings{jaderberg2015spatial,
  title={Spatial transformer networks},
  author={Jaderberg, Max and Simonyan, Karen and Zisserman, Andrew and others},
  booktitle={Advances in Neural Information Processing Systems},
  pages={2017--2025},
  year={2015}
}
@inproceedings{he2016deep,
  title={Deep residual learning for image recognition},
  author={He, Kaiming and Zhang, Xiangyu and Ren, Shaoqing and Sun, Jian},
  booktitle={Proceedings of the IEEE Conference on Computer Vision and Pattern Recognition},
  pages={770--778},
  year={2016}
}
%CH5
@inproceedings{pennington2014glove,
  author = {Jeffrey Pennington and Richard Socher and Christopher D. Manning},
  booktitle = {Empirical Methods in Natural Language Processing (EMNLP)},
  title = {GloVe: Global Vectors for Word Representation},
  year = {2014},
  pages = {1532--1543},
  url = {http://www.aclweb.org/anthology/D14-1162},
}
